<record><leader>00000cas a2200000 a 4500</leader><controlfield tag="001">6808216</controlfield><controlfield tag="008">801010d19771980deuir ne      0    0eng d</controlfield><controlfield tag="009">141</controlfield><datafield ind1=" " ind2=" " tag="010"><subfield code="a">sn 88053036 </subfield></datafield><datafield ind1=" " ind2=" " tag="040"><subfield code="a">DLM</subfield><subfield code="b">eng</subfield><subfield code="c">DLM</subfield><subfield code="d">DEX</subfield><subfield code="d">OCL</subfield></datafield><datafield ind1=" " ind2=" " tag="042"><subfield code="a">msc</subfield></datafield><datafield ind1="0" ind2="0" tag="245"><subfield code="a">Commuter news.</subfield></datafield><datafield ind1=" " ind2=" " tag="260"><subfield code="a">Wilmington, Del. :</subfield><subfield code="b">Commuter News Digest, Inc.,</subfield></datafield><datafield ind1=" " ind2=" " tag="300"><subfield code="a">v.</subfield><subfield code="c">22 cm.</subfield></datafield><datafield ind1=" " ind2=" " tag="310"><subfield code="a">Triweekly (Mon., Wed., Fri.)</subfield></datafield><datafield ind1="0" ind2=" " tag="362"><subfield code="a">No. 622 (Sept. 30, 1977)-</subfield></datafield><datafield ind1="1" ind2=" " tag="362"><subfield code="a">Ceased in 1980.</subfield></datafield><datafield ind1="0" ind2="0" tag="780"><subfield code="t">Commuter news digest</subfield><subfield code="w">(DLC)sn 88053035</subfield></datafield></record>